@book{bib:Lehninger,
    title     = {Lehninger Principles of Biochemistry},
    author    = {David L Nelson and Michael Cox},
    year      = {2021},
    publisher = {W.H. Freeman},
    edition   = {eighth}
}